@InProceedings{leapio,
author = {Li, H. and Hao, M. and Novakovic, S. and Gogte, V. and Govindan, S. and Ports, D. and Zhang, I. and Bianchini, R. and Gunawi, H. S. and Badam, A.},
title = {LeapIO: Efficient and Portable Virtual NVMe Storage on ARM SoCs},
booktitle = {Proceedings on the International Conference on Architectural Support for Programming Languages and Operating Systems (ASPLOS)},
year = {2020},
}

@article{Brewer:2010:ISI:1803935.1804056,
 author = {Brewer, T. M.},
 title = {Instruction Set Innovations for the Convey HC-1 Computer},
 journal = {IEEE Micro},
 year = {2010},
}

@ARTICLE{6871738, 
author={Balasubramonian, R. and Chang, J. and Manning, T. and Moreno, J. H. and Murphy, R. and Nair, R. and Swanson, S.},
title={Near-Data Processing: Insights from a MICRO-46 Workshop},
journal={IEEE Micro}, 
year={2014},
}

@ARTICLE{7095154, 
author={Nair, R. and Antao, S. F. and Bertolli, C. and Bose, P. and Brunheroto, J. R. and Chen, T. and Cher, C. Y. and Costa, C. H. A. and Doi, J. and Evangelinos, C. and Fleischer, B. M. and Fox, T. W.},
journal={IBM Journal of Research and Development}, 
title={Active Memory Cube: A processing-in-memory architecture for exascale systems}, 
year={2015}, 
}

@ARTICLE{5688148, 
author={Ranganathan, P.},
journal={Computer}, 
title={From Microprocessors to Nanostores: Rethinking Data-Centric Systems}, 
year={2011}
}

@article{10.1109/TSE.1977.231176,
author = {Nutt, G. J.},
title = {A Parallel Processor Operating System Comparison},
journal = {IEEE Transactions on Software Engineering},
year = {1977},
}

@article{Mittal:2016:STA:2856149.2856125,
 author = {Mittal, S.},
 title = {A Survey of Techniques for Architecting and Managing Asymmetric Multicore Processors},
 journal = {ACM Comput. Surv.},
 year = {2016},
} 

@inproceedings{Baumann:2009:MNO:1629575.1629579,
 author = {Baumann, A. and Barham, P. and Dagand, P.-E. and Harris, T. and Isaacs, R. and Peter, S. and Roscoe, T. and Sch\"{u}pbach, A. and Singhania, A.},
 title = {The Multikernel: A New OS Architecture for Scalable Multicore Systems},
 booktitle = {Proceedings of the ACM SIGOPS 22Nd Symposium on Operating Systems Principles (SOSP)},
 year = {2009},
} 

@inproceedings{Gu:2016:BFN:3001136.3001154,
 author = {Gu, B. and Yoon, A. S. and Bae, D.-H. and Jo, I. and Lee, J. and Yoon, J. and Kang, J.-U. and Kwon, M. and Yoon, C. and Cho, S. and Jeong, J. and Chang, D.},
 title = {Biscuit: A Framework for Near-data Processing of Big Data Workloads},
 booktitle = {Proceedings of the 43rd International Symposium on Computer Architecture (ISCA},
 year = {2016},
}

@MISC{arm_storage,
 author = {{ARM}}, 
 title = {{Computational Storage}},
 year = {2020},
 howpublished = {\url{https://www.arm.com/solutions/storage/computational-storage}},
}

@MISC{NGD,
 title = {{NGD Systems}},
 key = {NGD},
year={2020},
 howpublished = {\url{https://www.ngdsystems.com/}}
}

@MISC{alibaba_sc,
 author = {{Alibaba Group}},
 title = {{In-Storage Computing SSD specifications and applications}},
 year = {2019},
 howpublished ={\url{https://www.snia.org/sites/default/files/computational/20190808_COMP302A-1_Qui.pdf}}
}

@MISC{Samsung,
 title = {{Samsung}},
 key = {SMART SSD},
note = {Last accessed: Jan 2020},
 howpublished = {\url{https://www.nimbix.net/wp-content/uploads/2019/07/SmartSSD_Product_Brief_Digital.pdf}}
}

@MISC{eideticom,
title = {{Eideticom}},
key = {NVMe computational storage},
note = {Last accessed: Jan 2020},
howpublished = {\url{https://www.eideticom.com/}}
}

@MISC{nvme_specifications,
 title = {{NVMe Specifications}},
 key = {NVMe specs},
note = {Last accessed: Jan 2020},
 howpublished = {\url{https://nvmexpress.org/specifications/}}
}

@MISC{oracle,
 title = {{Oracle Exadata}},
year={2020},
key = {Oracle},
 howpublished = {\url{https://www.oracle.com/engineered-systems/exadata/}}
}

@MISC{snia_cs,
 author = {{SNIA}},
 title = {{Computational Storage Architecture and Programming Model}},
year={2019},
 howpublished = {\url{https://www.snia.org/sites/default/files/technical_work/PublicReview/SNIA-Computational-Storage-Architecture-and-Programming-Model-0.3R1.pdf}}
}







@inproceedings{Koo:2017:STC:3123939.3124553,
 author = {Koo, G. and Matam, K. K. and I, T. and Narra, H. V. K. G. and Li, J. and Tseng, H.-W. and Swanson, S. and Annavaram, M.},
 title = {Summarizer: Trading Communication with Computing Near Storage},
 booktitle = {Proceedings of the 50th Annual IEEE/ACM International Symposium on Microarchitecture (MICRO)},
 year = {2017},
} 

@inproceedings{Bae:2013:IST:2505515.2507847,
 author = {Bae, D.-H. and Kim, J.-H. and Kim, S.-W. and Oh, H. and Park, C.},
 title = {Intelligent SSD: A Turbo for Big Data Mining},
 booktitle = {Proceedings of the 22Nd ACM International Conference on Information \& Knowledge Management (CIKM},
 year = {2013},
} 

@inproceedings{Do:2013:QPS:2463676.2465295,
 author = {Do, J. and Kee, Y.-S. and Patel, J. M. and Park, C. and Park, K. and DeWitt, D. J.},
 title = {Query Processing on Smart SSDs: Opportunities and Challenges},
 booktitle = {Proceedings of the 2013 ACM SIGMOD International Conference on Management of Data (SIGMOD},
 year = {2013},
} 

@article{Woods:2014:IIS:2732967.2732972,
 author = {Woods, L. and Istv\'{a}n, Z. and Alonso, G.},
 title = {Ibex: An Intelligent Storage Engine with Support for Advanced SQL Offloading},
 journal = {Proceedings of the VLDB Endowment},
 year = {2014},
} 

@article{Lee:2016:ACT:2994694.2995007,
 author = {Lee, Y.-S. and Quero, L. C. and Kim, S.-H. and Kim, J.-S. and Maeng, S.},
 title = {ActiveSort},
 journal = {Future Gener. Comput. Syst.},
 year = {2016},
} 

@inproceedings{Lee:2014:AES:2696578.2696592,
 author = {Lee, Y.-S. and Quero, L. C. and Lee, Y. and Kim, J.-S. and Maeng, S.},
 title = {Accelerating External Sorting via On-the-fly Data Merge in Active SSDs},
 booktitle = {Proceedings of the 6th USENIX Conference on Hot Topics in Storage and File Systems (HotStorage)},
 year = {2014},
} 

@INPROCEEDINGS{7208281,
author={Quero, L. C. and Lee, Y. and Kim, J.},
booktitle={2015 31st Symposium on Mass Storage Systems and Technologies (MSST)},
title={Self-sorting SSD: Producing sorted data inside active SSDs},
year={2015},
}

@inproceedings{Wang:2016:SIC:2933349.2933353,
 author = {Wang, J. and Park, D. and Kee, Y.-S. and Papakonstantinou, Y. and Swanson, S.},
 title = {SSD In-storage Computing for List Intersection},
 booktitle = {Proceedings of the 12th International Workshop on Data Management on New Hardware},
 series = {DaMoN '16},
 year = {2016},
} 

@article{Wang:2014:CDS:2684820.2661629,
 author = {Wang, J. and Lo, E. and Yiu, M. L. and Tong, J. and Wang, G. and Liu, X.},
 title = {Cache Design of SSD-Based Search Engine Architectures: An Experimental Study},
 journal = {ACM Trans. Inf. Syst.},
 year = {2014},
} 

@inproceedings{Li:2018:CFC:3189759.3189767,
 author = {Li, H. and Hao, M. and Tong, M. H. and Sundararaman, S. and Bj{\o}rling, M. and Gunawi, H. S.},
 title = {The Case of FEMU: Cheap, Accurate, Scalable and Extensible Flash Emulator},
 booktitle = {Proceedings of the 16th USENIX Conference on File and Storage Technologies (FAST},
 year = {2018},
} 

@inproceedings{Tavakkol:2018:MFE:3189759.3189765,
 author = {Tavakkol, A. and G\'{o}mez-Luna, J. and Sadrosadati, M. and Ghose, S. and Mutlu, O.},
 title = {MQsim: A Framework for Enabling Realistic Studies of Modern Multi-queue SSD Devices},
 booktitle = {Proceedings of the 16th USENIX Conference on File and Storage Technologies (FAST},
 year = {2018},
} 

@inproceedings{Cho:2013:ADM:2464996.2465003,
 author = {Cho, S. and Park, C. and Oh, H. and Kim, S. and Yi, Y. and Ganger, G. R.},
 title = {Active Disk Meets Flash: A Case for Intelligent SSDs},
 booktitle = {Proceedings of the 27th International ACM Conference on International Conference on Supercomputing (ICS},
 year = {2013},
} 

@book{Crockett:2014:ZBE:2685817,
 author = {Crockett, L. H. and Elliot, R. A. and Enderwitz, M. A. and Stewart, R. W.},
 title = {The Zynq Book: Embedded Processing with the Arm Cortex-A9 on the Xilinx Zynq-7000 All Programmable Soc},
 year = {2014},
} 

@inproceedings{McCanne:1993:BPF:1267303.1267305,
 author = {McCanne, S. and Jacobson, V.},
 title = {The BSD Packet Filter: A New Architecture for User-level Packet Capture},
 booktitle = {Proceedings of the USENIX Winter 1993 Conference},
 year = {1993},
} 

@inproceedings{10.5555/3358807.3358840,
author = {Ruan, Z. and He, T. and Cong, J.},
title = {INSIDER: Designing in-Storage Computing System for Emerging High-Performance Drive},
booktitle = {Proceedings of the 2019 USENIX Conference on Usenix Annual Technical Conference (USENIX ATC},
year = {2019},
}

@inproceedings {246154,
author = {Wei Cao and Yang Liu and Zhushi Cheng and Ning Zheng and Wei Li and Wenjie Wu and Linqiang Ouyang and Peng Wang and Yijing Wang and Ray Kuan and Zhenjun Liu and Feng Zhu and Tong Zhang},
title = {{POLARDB} Meets Computational Storage: Efficiently Support Analytical Workloads in Cloud-Native Relational Database},
booktitle = {18th {USENIX} Conference on File and Storage Technologies ({FAST})},
year = {2020},
}

@inproceedings{234725,
author = {Adams, I. F. and Keys, J. and Mesnier, M. P.},
title = {Respecting the Block Interface - Computational Storage Using Virtual Objects},
booktitle = {Proceedings of the 11th USENIX Conference on Hot Topics in Storage and File Systems (FAST)},
year = {2019},
}

@inproceedings{10.1145/3342195.3387557,
author = {Schmid, R. and Plauth, M. and Wenzel, L. and Eberhardt, F. and Polze, A.},
title = {Accessible Near-Storage Computing with FPGAs},
booktitle = {Proceedings of the Fifteenth European Conference on Computer Systems (EuroSys)},
year = {2020},
}

@inproceedings{SMARTSFMA18,
  title={Smart Software Caches},
  author={Barbalace, A. and Decky, M. and Picorel, J.},
  booktitle={The 8th Workshop on Systems for Multi-core and Heterogeneous Architectures},
  year={2018},
}
